%YAML 1.1
%TAG !u! tag:unity3d.com,2011:
--- !u!1 &1358460146733554
GameObject:
  m_ObjectHideFlags: 0
  m_CorrespondingSourceObject: {fileID: 0}
  m_PrefabInstance: {fileID: 0}
  m_PrefabAsset: {fileID: 0}
  serializedVersion: 6
  m_Component:
  - component: {fileID: 4092438920768598}
  - component: {fileID: 114597163329256828}
  m_Layer: 0
  m_Name: ProjectContext
  m_TagString: Untagged
  m_Icon: {fileID: 0}
  m_NavMeshLayer: 0
  m_StaticEditorFlags: 0
  m_IsActive: 1
--- !u!4 &4092438920768598
Transform:
  m_ObjectHideFlags: 0
  m_CorrespondingSourceObject: {fileID: 0}
  m_PrefabInstance: {fileID: 0}
  m_PrefabAsset: {fileID: 0}
  m_GameObject: {fileID: 1358460146733554}
  m_LocalRotation: {x: 0, y: 0, z: 0, w: 1}
  m_LocalPosition: {x: 0, y: 0, z: 0}
  m_LocalScale: {x: 1, y: 1, z: 1}
  m_Children:
  - {fileID: 907998996116386486}
  - {fileID: 7584425386462034407}
  m_Father: {fileID: 0}
  m_RootOrder: 0
  m_LocalEulerAnglesHint: {x: 0, y: 0, z: 0}
--- !u!114 &114597163329256828
MonoBehaviour:
  m_ObjectHideFlags: 0
  m_CorrespondingSourceObject: {fileID: 0}
  m_PrefabInstance: {fileID: 0}
  m_PrefabAsset: {fileID: 0}
  m_GameObject: {fileID: 1358460146733554}
  m_Enabled: 1
  m_EditorHideFlags: 0
  m_Script: {fileID: 11500000, guid: a4e6589720da476459dc6dd71624b071, type: 3}
  m_Name: 
  m_EditorClassIdentifier: 
  _scriptableObjectInstallers:
  - {fileID: 11400000, guid: 0eb1f69e05b237243ad388d55533aa7c, type: 2}
  - {fileID: 11400000, guid: 0883e1210f942894987d93f1499e9dd7, type: 2}
  _monoInstallers:
  - {fileID: 2658536972449818946}
  - {fileID: 7436135632354905884}
  _installerPrefabs: []
  _parentNewObjectsUnderContext: 1
  _editorReflectionBakingCoverageMode: 0
  _buildsReflectionBakingCoverageMode: 0
  _settings:
    _ensureDeterministicDestructionOrderOnApplicationQuit: 0
    _displayWarningWhenResolvingDuringInstall: 1
    _validationRootResolveMethod: 0
    _validationErrorResponse: 0
    _signalSettings:
      _defaultSyncMode: 0
      _missingHandlerDefaultResponse: 2
      _requireStrictUnsubscribe: 0
      _defaultAsyncTickPriority: 1
--- !u!1 &4261726636686363675
GameObject:
  m_ObjectHideFlags: 0
  m_CorrespondingSourceObject: {fileID: 0}
  m_PrefabInstance: {fileID: 0}
  m_PrefabAsset: {fileID: 0}
  serializedVersion: 6
  m_Component:
  - component: {fileID: 7584425386462034407}
  - component: {fileID: 7436135632354905884}
  m_Layer: 0
  m_Name: SignalsInstaller
  m_TagString: Untagged
  m_Icon: {fileID: 0}
  m_NavMeshLayer: 0
  m_StaticEditorFlags: 0
  m_IsActive: 1
--- !u!4 &7584425386462034407
Transform:
  m_ObjectHideFlags: 0
  m_CorrespondingSourceObject: {fileID: 0}
  m_PrefabInstance: {fileID: 0}
  m_PrefabAsset: {fileID: 0}
  m_GameObject: {fileID: 4261726636686363675}
  m_LocalRotation: {x: -0, y: -0, z: -0, w: 1}
  m_LocalPosition: {x: 0, y: 0, z: 0}
  m_LocalScale: {x: 1, y: 1, z: 1}
  m_Children: []
  m_Father: {fileID: 4092438920768598}
  m_RootOrder: 1
  m_LocalEulerAnglesHint: {x: 0, y: 0, z: 0}
--- !u!114 &7436135632354905884
MonoBehaviour:
  m_ObjectHideFlags: 0
  m_CorrespondingSourceObject: {fileID: 0}
  m_PrefabInstance: {fileID: 0}
  m_PrefabAsset: {fileID: 0}
  m_GameObject: {fileID: 4261726636686363675}
  m_Enabled: 1
  m_EditorHideFlags: 0
  m_Script: {fileID: 11500000, guid: d2cbf5f7e9f344d4906bebaca014fc30, type: 3}
  m_Name: 
  m_EditorClassIdentifier: 
--- !u!1 &4731812883079185689
GameObject:
  m_ObjectHideFlags: 0
  m_CorrespondingSourceObject: {fileID: 0}
  m_PrefabInstance: {fileID: 0}
  m_PrefabAsset: {fileID: 0}
  serializedVersion: 6
  m_Component:
  - component: {fileID: 907998996116386486}
  - component: {fileID: 2658536972449818946}
  m_Layer: 0
  m_Name: AppInstaller
  m_TagString: Untagged
  m_Icon: {fileID: 0}
  m_NavMeshLayer: 0
  m_StaticEditorFlags: 0
  m_IsActive: 1
--- !u!4 &907998996116386486
Transform:
  m_ObjectHideFlags: 0
  m_CorrespondingSourceObject: {fileID: 0}
  m_PrefabInstance: {fileID: 0}
  m_PrefabAsset: {fileID: 0}
  m_GameObject: {fileID: 4731812883079185689}
  m_LocalRotation: {x: -0, y: -0, z: -0, w: 1}
  m_LocalPosition: {x: 0, y: 0, z: 0}
  m_LocalScale: {x: 1, y: 1, z: 1}
  m_Children: []
  m_Father: {fileID: 4092438920768598}
  m_RootOrder: 0
  m_LocalEulerAnglesHint: {x: 0, y: 0, z: 0}
--- !u!114 &2658536972449818946
MonoBehaviour:
  m_ObjectHideFlags: 0
  m_CorrespondingSourceObject: {fileID: 0}
  m_PrefabInstance: {fileID: 0}
  m_PrefabAsset: {fileID: 0}
  m_GameObject: {fileID: 4731812883079185689}
  m_Enabled: 1
  m_EditorHideFlags: 0
  m_Script: {fileID: 11500000, guid: 424ed02f34244b3fa29d43568fcb0865, type: 3}
  m_Name: 
  m_EditorClassIdentifier: 
  servicesPrefab: {fileID: 6968360582777961213, guid: d2a7e17d1d4af0640aa9b3bdf1355604,
    type: 3}
  userInterfaceConfig: {fileID: 11400000, guid: d4fad058f41ee454c92589af1089d79c,
    type: 2}
