%YAML 1.1
%TAG !u! tag:unity3d.com,2011:
--- !u!1 &2143184493871451909
GameObject:
  m_ObjectHideFlags: 0
  m_CorrespondingSourceObject: {fileID: 0}
  m_PrefabInstance: {fileID: 0}
  m_PrefabAsset: {fileID: 0}
  serializedVersion: 6
  m_Component:
  - component: {fileID: 107615262419052130}
  - component: {fileID: 4413847703216942803}
  - component: {fileID: 5294782146652922356}
  m_Layer: 0
  m_Name: Text
  m_TagString: Untagged
  m_Icon: {fileID: 0}
  m_NavMeshLayer: 0
  m_StaticEditorFlags: 0
  m_IsActive: 1
--- !u!224 &107615262419052130
RectTransform:
  m_ObjectHideFlags: 0
  m_CorrespondingSourceObject: {fileID: 0}
  m_PrefabInstance: {fileID: 0}
  m_PrefabAsset: {fileID: 0}
  m_GameObject: {fileID: 2143184493871451909}
  m_LocalRotation: {x: 0, y: 0, z: 0, w: 1}
  m_LocalPosition: {x: 0, y: 0, z: 0}
  m_LocalScale: {x: 1, y: 1, z: 1}
  m_Children: []
  m_Father: {fileID: 5808339145983034689}
  m_RootOrder: 3
  m_LocalEulerAnglesHint: {x: 0, y: 0, z: 0}
  m_AnchorMin: {x: 0.5, y: 0.5}
  m_AnchorMax: {x: 0.5, y: 0.5}
  m_AnchoredPosition: {x: 0.0012512, y: 42.5}
  m_SizeDelta: {x: 750.37, y: 115}
  m_Pivot: {x: 0.5, y: 0.5}
--- !u!222 &4413847703216942803
CanvasRenderer:
  m_ObjectHideFlags: 0
  m_CorrespondingSourceObject: {fileID: 0}
  m_PrefabInstance: {fileID: 0}
  m_PrefabAsset: {fileID: 0}
  m_GameObject: {fileID: 2143184493871451909}
  m_CullTransparentMesh: 1
--- !u!114 &5294782146652922356
MonoBehaviour:
  m_ObjectHideFlags: 0
  m_CorrespondingSourceObject: {fileID: 0}
  m_PrefabInstance: {fileID: 0}
  m_PrefabAsset: {fileID: 0}
  m_GameObject: {fileID: 2143184493871451909}
  m_Enabled: 1
  m_EditorHideFlags: 0
  m_Script: {fileID: 11500000, guid: f4688fdb7df04437aeb418b961361dc5, type: 3}
  m_Name: 
  m_EditorClassIdentifier: 
  m_Material: {fileID: 0}
  m_Color: {r: 1, g: 1, b: 1, a: 1}
  m_RaycastTarget: 1
  m_RaycastPadding: {x: 0, y: 0, z: 0, w: 0}
  m_Maskable: 1
  m_OnCullStateChanged:
    m_PersistentCalls:
      m_Calls: []
  m_text: Test
  m_isRightToLeft: 0
  m_fontAsset: {fileID: 11400000, guid: 8f586378b4e144a9851e7b34d9b748ee, type: 2}
  m_sharedMaterial: {fileID: 2180264, guid: 8f586378b4e144a9851e7b34d9b748ee, type: 2}
  m_fontSharedMaterials: []
  m_fontMaterial: {fileID: 0}
  m_fontMaterials: []
  m_fontColor32:
    serializedVersion: 2
    rgba: 4294967295
  m_fontColor: {r: 1, g: 1, b: 1, a: 1}
  m_enableVertexGradient: 0
  m_colorMode: 3
  m_fontColorGradient:
    topLeft: {r: 1, g: 1, b: 1, a: 1}
    topRight: {r: 1, g: 1, b: 1, a: 1}
    bottomLeft: {r: 1, g: 1, b: 1, a: 1}
    bottomRight: {r: 1, g: 1, b: 1, a: 1}
  m_fontColorGradientPreset: {fileID: 0}
  m_spriteAsset: {fileID: 0}
  m_tintAllSprites: 0
  m_StyleSheet: {fileID: 0}
  m_TextStyleHashCode: -1183493901
  m_overrideHtmlColors: 0
  m_faceColor:
    serializedVersion: 2
    rgba: 4294967295
  m_fontSize: 72
  m_fontSizeBase: 36
  m_fontWeight: 400
  m_enableAutoSizing: 1
  m_fontSizeMin: 18
  m_fontSizeMax: 72
  m_fontStyle: 0
  m_HorizontalAlignment: 2
  m_VerticalAlignment: 512
  m_textAlignment: 65535
  m_characterSpacing: 0
  m_wordSpacing: 0
  m_lineSpacing: 0
  m_lineSpacingMax: 0
  m_paragraphSpacing: 0
  m_charWidthMaxAdj: 0
  m_enableWordWrapping: 1
  m_wordWrappingRatios: 0.4
  m_overflowMode: 0
  m_linkedTextComponent: {fileID: 0}
  parentLinkedComponent: {fileID: 0}
  m_enableKerning: 1
  m_enableExtraPadding: 0
  checkPaddingRequired: 0
  m_isRichText: 1
  m_parseCtrlCharacters: 1
  m_isOrthographic: 1
  m_isCullingEnabled: 0
  m_horizontalMapping: 0
  m_verticalMapping: 0
  m_uvLineOffset: 0
  m_geometrySortingOrder: 0
  m_IsTextObjectScaleStatic: 0
  m_VertexBufferAutoSizeReduction: 0
  m_useMaxVisibleDescender: 1
  m_pageToDisplay: 1
  m_margin: {x: 0, y: 0, z: 0, w: 0}
  m_isUsingLegacyAnimationComponent: 0
  m_isVolumetricText: 0
  m_hasFontAssetChanged: 0
  m_baseMaterial: {fileID: 0}
  m_maskOffset: {x: 0, y: 0, z: 0, w: 0}
--- !u!1 &4899048980156082411
GameObject:
  m_ObjectHideFlags: 0
  m_CorrespondingSourceObject: {fileID: 0}
  m_PrefabInstance: {fileID: 0}
  m_PrefabAsset: {fileID: 0}
  serializedVersion: 6
  m_Component:
  - component: {fileID: 1038142473618583407}
  m_Layer: 0
  m_Name: GameObject
  m_TagString: Untagged
  m_Icon: {fileID: 0}
  m_NavMeshLayer: 0
  m_StaticEditorFlags: 0
  m_IsActive: 1
--- !u!224 &1038142473618583407
RectTransform:
  m_ObjectHideFlags: 0
  m_CorrespondingSourceObject: {fileID: 0}
  m_PrefabInstance: {fileID: 0}
  m_PrefabAsset: {fileID: 0}
  m_GameObject: {fileID: 4899048980156082411}
  m_LocalRotation: {x: 0, y: 0, z: 0, w: 1}
  m_LocalPosition: {x: 0, y: 0, z: 0}
  m_LocalScale: {x: 1, y: 1, z: 1}
  m_Children: []
  m_Father: {fileID: 5808339145983034689}
  m_RootOrder: 0
  m_LocalEulerAnglesHint: {x: 0, y: 0, z: 0}
  m_AnchorMin: {x: 0.5, y: 0.5}
  m_AnchorMax: {x: 0.5, y: 0.5}
  m_AnchoredPosition: {x: 0, y: 0}
  m_SizeDelta: {x: 100, y: 100}
  m_Pivot: {x: 0.5, y: 0.5}
--- !u!1 &6073044124635488571
GameObject:
  m_ObjectHideFlags: 0
  m_CorrespondingSourceObject: {fileID: 0}
  m_PrefabInstance: {fileID: 0}
  m_PrefabAsset: {fileID: 0}
  serializedVersion: 6
  m_Component:
  - component: {fileID: 6023061503908712814}
  - component: {fileID: 5920372494072443437}
  - component: {fileID: 1580297586947551226}
  - component: {fileID: 5494783032885430449}
  - component: {fileID: 2948924726000747284}
  m_Layer: 0
  m_Name: RewardWindow
  m_TagString: Untagged
  m_Icon: {fileID: 0}
  m_NavMeshLayer: 0
  m_StaticEditorFlags: 0
  m_IsActive: 1
--- !u!224 &6023061503908712814
RectTransform:
  m_ObjectHideFlags: 0
  m_CorrespondingSourceObject: {fileID: 0}
  m_PrefabInstance: {fileID: 0}
  m_PrefabAsset: {fileID: 0}
  m_GameObject: {fileID: 6073044124635488571}
  m_LocalRotation: {x: 0, y: 0, z: 0, w: 1}
  m_LocalPosition: {x: 0, y: 0, z: -2.1405792}
  m_LocalScale: {x: 1, y: 1, z: 1}
  m_Children:
  - {fileID: 7528896391199009946}
  - {fileID: 5808339145983034689}
  m_Father: {fileID: 0}
  m_RootOrder: 0
  m_LocalEulerAnglesHint: {x: 0, y: 0, z: 0}
  m_AnchorMin: {x: 0, y: 0}
  m_AnchorMax: {x: 1, y: 1}
  m_AnchoredPosition: {x: 0, y: 0}
  m_SizeDelta: {x: 0, y: 0}
  m_Pivot: {x: 0.5, y: 0.5}
--- !u!225 &5920372494072443437
CanvasGroup:
  m_ObjectHideFlags: 0
  m_CorrespondingSourceObject: {fileID: 0}
  m_PrefabInstance: {fileID: 0}
  m_PrefabAsset: {fileID: 0}
  m_GameObject: {fileID: 6073044124635488571}
  m_Enabled: 1
  m_Alpha: 1
  m_Interactable: 1
  m_BlocksRaycasts: 1
  m_IgnoreParentGroups: 0
--- !u!223 &1580297586947551226
Canvas:
  m_ObjectHideFlags: 0
  m_CorrespondingSourceObject: {fileID: 0}
  m_PrefabInstance: {fileID: 0}
  m_PrefabAsset: {fileID: 0}
  m_GameObject: {fileID: 6073044124635488571}
  m_Enabled: 1
  serializedVersion: 3
  m_RenderMode: 2
  m_Camera: {fileID: 0}
  m_PlaneDistance: 100
  m_PixelPerfect: 0
  m_ReceivesEvents: 1
  m_OverrideSorting: 0
  m_OverridePixelPerfect: 0
  m_SortingBucketNormalizedSize: 0
  m_AdditionalShaderChannelsFlag: 25
  m_SortingLayerID: 0
  m_SortingOrder: 0
  m_TargetDisplay: 0
--- !u!114 &5494783032885430449
MonoBehaviour:
  m_ObjectHideFlags: 0
  m_CorrespondingSourceObject: {fileID: 0}
  m_PrefabInstance: {fileID: 0}
  m_PrefabAsset: {fileID: 0}
  m_GameObject: {fileID: 6073044124635488571}
  m_Enabled: 1
  m_EditorHideFlags: 0
  m_Script: {fileID: 11500000, guid: dc42784cf147c0c48a680349fa168899, type: 3}
  m_Name: 
  m_EditorClassIdentifier: 
  m_IgnoreReversedGraphics: 1
  m_BlockingObjects: 0
  m_BlockingMask:
    serializedVersion: 2
    m_Bits: 55
--- !u!114 &2948924726000747284
MonoBehaviour:
  m_ObjectHideFlags: 0
  m_CorrespondingSourceObject: {fileID: 0}
  m_PrefabInstance: {fileID: 0}
  m_PrefabAsset: {fileID: 0}
  m_GameObject: {fileID: 6073044124635488571}
  m_Enabled: 1
  m_EditorHideFlags: 0
  m_Script: {fileID: 11500000, guid: 996dab073ddf49a9bc21fdb265d421fb, type: 3}
  m_Name: 
  m_EditorClassIdentifier: 
  animatedRectTransform: {fileID: 5808339145983034689}
  useDarkener: 1
  head: {fileID: 5294782146652922356}
  answers: []
--- !u!1 &7927507850650568786
GameObject:
  m_ObjectHideFlags: 0
  m_CorrespondingSourceObject: {fileID: 0}
  m_PrefabInstance: {fileID: 0}
  m_PrefabAsset: {fileID: 0}
  serializedVersion: 6
  m_Component:
  - component: {fileID: 5808339145983034689}
  - component: {fileID: 2650647083198039785}
  m_Layer: 0
  m_Name: SafeArea
  m_TagString: Untagged
  m_Icon: {fileID: 0}
  m_NavMeshLayer: 0
  m_StaticEditorFlags: 0
  m_IsActive: 1
--- !u!224 &5808339145983034689
RectTransform:
  m_ObjectHideFlags: 0
  m_CorrespondingSourceObject: {fileID: 0}
  m_PrefabInstance: {fileID: 0}
  m_PrefabAsset: {fileID: 0}
  m_GameObject: {fileID: 7927507850650568786}
  m_LocalRotation: {x: -0, y: -0, z: -0, w: 1}
  m_LocalPosition: {x: 0, y: 0, z: 2.1405792}
  m_LocalScale: {x: 1, y: 1, z: 1}
  m_Children:
  - {fileID: 1038142473618583407}
  - {fileID: 3671937660467103680}
  - {fileID: 4866051277407508380}
  - {fileID: 107615262419052130}
  m_Father: {fileID: 6023061503908712814}
  m_RootOrder: 1
  m_LocalEulerAnglesHint: {x: 0, y: 0, z: 0}
  m_AnchorMin: {x: 0, y: 0}
  m_AnchorMax: {x: 1, y: 1}
  m_AnchoredPosition: {x: 0, y: 0}
  m_SizeDelta: {x: 0, y: 0}
  m_Pivot: {x: 0.5, y: 0.5}
--- !u!114 &2650647083198039785
MonoBehaviour:
  m_ObjectHideFlags: 0
  m_CorrespondingSourceObject: {fileID: 0}
  m_PrefabInstance: {fileID: 0}
  m_PrefabAsset: {fileID: 0}
  m_GameObject: {fileID: 7927507850650568786}
  m_Enabled: 1
  m_EditorHideFlags: 0
  m_Script: {fileID: 11500000, guid: 7394fd02a95c60948b180f74cfd175db, type: 3}
  m_Name: 
  m_EditorClassIdentifier: 
  m_ignoreLeft: 0
  m_ignoreRight: 0
  m_ignoreTop: 0
  m_ignoreBottom: 0
--- !u!1001 &437408228287421536
PrefabInstance:
  m_ObjectHideFlags: 0
  serializedVersion: 2
  m_Modification:
    m_TransformParent: {fileID: 6023061503908712814}
    m_Modifications:
    - target: {fileID: 4332221648256762767, guid: 5575ac2b63ba9c9459880ae25146a304,
        type: 3}
      propertyPath: m_Name
      value: FadeWindow
      objectReference: {fileID: 0}
    - target: {fileID: 7957296593311674618, guid: 5575ac2b63ba9c9459880ae25146a304,
        type: 3}
      propertyPath: m_Pivot.x
      value: 0.5
      objectReference: {fileID: 0}
    - target: {fileID: 7957296593311674618, guid: 5575ac2b63ba9c9459880ae25146a304,
        type: 3}
      propertyPath: m_Pivot.y
      value: 0.5
      objectReference: {fileID: 0}
    - target: {fileID: 7957296593311674618, guid: 5575ac2b63ba9c9459880ae25146a304,
        type: 3}
      propertyPath: m_RootOrder
      value: 0
      objectReference: {fileID: 0}
    - target: {fileID: 7957296593311674618, guid: 5575ac2b63ba9c9459880ae25146a304,
        type: 3}
      propertyPath: m_AnchorMax.x
      value: 1
      objectReference: {fileID: 0}
    - target: {fileID: 7957296593311674618, guid: 5575ac2b63ba9c9459880ae25146a304,
        type: 3}
      propertyPath: m_AnchorMax.y
      value: 1
      objectReference: {fileID: 0}
    - target: {fileID: 7957296593311674618, guid: 5575ac2b63ba9c9459880ae25146a304,
        type: 3}
      propertyPath: m_AnchorMin.x
      value: 0
      objectReference: {fileID: 0}
    - target: {fileID: 7957296593311674618, guid: 5575ac2b63ba9c9459880ae25146a304,
        type: 3}
      propertyPath: m_AnchorMin.y
      value: 0
      objectReference: {fileID: 0}
    - target: {fileID: 7957296593311674618, guid: 5575ac2b63ba9c9459880ae25146a304,
        type: 3}
      propertyPath: m_SizeDelta.x
      value: 0
      objectReference: {fileID: 0}
    - target: {fileID: 7957296593311674618, guid: 5575ac2b63ba9c9459880ae25146a304,
        type: 3}
      propertyPath: m_SizeDelta.y
      value: 0
      objectReference: {fileID: 0}
    - target: {fileID: 7957296593311674618, guid: 5575ac2b63ba9c9459880ae25146a304,
        type: 3}
      propertyPath: m_LocalPosition.x
      value: 0
      objectReference: {fileID: 0}
    - target: {fileID: 7957296593311674618, guid: 5575ac2b63ba9c9459880ae25146a304,
        type: 3}
      propertyPath: m_LocalPosition.y
      value: 0
      objectReference: {fileID: 0}
    - target: {fileID: 7957296593311674618, guid: 5575ac2b63ba9c9459880ae25146a304,
        type: 3}
      propertyPath: m_LocalPosition.z
      value: 0
      objectReference: {fileID: 0}
    - target: {fileID: 7957296593311674618, guid: 5575ac2b63ba9c9459880ae25146a304,
        type: 3}
      propertyPath: m_LocalRotation.w
      value: 1
      objectReference: {fileID: 0}
    - target: {fileID: 7957296593311674618, guid: 5575ac2b63ba9c9459880ae25146a304,
        type: 3}
      propertyPath: m_LocalRotation.x
      value: 0
      objectReference: {fileID: 0}
    - target: {fileID: 7957296593311674618, guid: 5575ac2b63ba9c9459880ae25146a304,
        type: 3}
      propertyPath: m_LocalRotation.y
      value: 0
      objectReference: {fileID: 0}
    - target: {fileID: 7957296593311674618, guid: 5575ac2b63ba9c9459880ae25146a304,
        type: 3}
      propertyPath: m_LocalRotation.z
      value: 0
      objectReference: {fileID: 0}
    - target: {fileID: 7957296593311674618, guid: 5575ac2b63ba9c9459880ae25146a304,
        type: 3}
      propertyPath: m_AnchoredPosition.x
      value: 0
      objectReference: {fileID: 0}
    - target: {fileID: 7957296593311674618, guid: 5575ac2b63ba9c9459880ae25146a304,
        type: 3}
      propertyPath: m_AnchoredPosition.y
      value: 0
      objectReference: {fileID: 0}
    - target: {fileID: 7957296593311674618, guid: 5575ac2b63ba9c9459880ae25146a304,
        type: 3}
      propertyPath: m_LocalEulerAnglesHint.x
      value: 0
      objectReference: {fileID: 0}
    - target: {fileID: 7957296593311674618, guid: 5575ac2b63ba9c9459880ae25146a304,
        type: 3}
      propertyPath: m_LocalEulerAnglesHint.y
      value: 0
      objectReference: {fileID: 0}
    - target: {fileID: 7957296593311674618, guid: 5575ac2b63ba9c9459880ae25146a304,
        type: 3}
      propertyPath: m_LocalEulerAnglesHint.z
      value: 0
      objectReference: {fileID: 0}
    m_RemovedComponents: []
  m_SourcePrefab: {fileID: 100100000, guid: 5575ac2b63ba9c9459880ae25146a304, type: 3}
--- !u!224 &7528896391199009946 stripped
RectTransform:
  m_CorrespondingSourceObject: {fileID: 7957296593311674618, guid: 5575ac2b63ba9c9459880ae25146a304,
    type: 3}
  m_PrefabInstance: {fileID: 437408228287421536}
  m_PrefabAsset: {fileID: 0}
--- !u!1001 &1952392948561154070
PrefabInstance:
  m_ObjectHideFlags: 0
  serializedVersion: 2
  m_Modification:
    m_TransformParent: {fileID: 5808339145983034689}
    m_Modifications:
    - target: {fileID: 1176105634275518600, guid: 5b312943918528f438d10ae43b238c77,
        type: 3}
      propertyPath: m_OnClick.m_PersistentCalls.m_Calls.Array.data[0].m_Target
      value: 
      objectReference: {fileID: 0}
    - target: {fileID: 1176105634275518600, guid: 5b312943918528f438d10ae43b238c77,
        type: 3}
      propertyPath: m_OnClick.m_PersistentCalls.m_Calls.Array.data[0].m_MethodName
      value: Close
      objectReference: {fileID: 0}
    - target: {fileID: 1176105634275518600, guid: 5b312943918528f438d10ae43b238c77,
        type: 3}
      propertyPath: m_OnClick.m_PersistentCalls.m_Calls.Array.data[0].m_TargetAssemblyTypeName
      value: Myni.GUI.Windows.Core.WindowBase, Myni.GUI
      objectReference: {fileID: 0}
    - target: {fileID: 1912962073937134291, guid: 5b312943918528f438d10ae43b238c77,
        type: 3}
      propertyPath: m_Type
      value: 0
      objectReference: {fileID: 0}
    - target: {fileID: 1912962073937134291, guid: 5b312943918528f438d10ae43b238c77,
        type: 3}
      propertyPath: m_Sprite
      value: 
      objectReference: {fileID: 21300000, guid: 35e272bee09611b4c94c353077bc7b57,
        type: 3}
    - target: {fileID: 3021102613596886998, guid: 5b312943918528f438d10ae43b238c77,
        type: 3}
      propertyPath: m_Pivot.x
      value: 0.5
      objectReference: {fileID: 0}
    - target: {fileID: 3021102613596886998, guid: 5b312943918528f438d10ae43b238c77,
        type: 3}
      propertyPath: m_Pivot.y
      value: 0.5
      objectReference: {fileID: 0}
    - target: {fileID: 3021102613596886998, guid: 5b312943918528f438d10ae43b238c77,
        type: 3}
      propertyPath: m_RootOrder
      value: 1
      objectReference: {fileID: 0}
    - target: {fileID: 3021102613596886998, guid: 5b312943918528f438d10ae43b238c77,
        type: 3}
      propertyPath: m_AnchorMax.x
      value: 0.5
      objectReference: {fileID: 0}
    - target: {fileID: 3021102613596886998, guid: 5b312943918528f438d10ae43b238c77,
        type: 3}
      propertyPath: m_AnchorMax.y
      value: 0.5
      objectReference: {fileID: 0}
    - target: {fileID: 3021102613596886998, guid: 5b312943918528f438d10ae43b238c77,
        type: 3}
      propertyPath: m_AnchorMin.x
      value: 0.5
      objectReference: {fileID: 0}
    - target: {fileID: 3021102613596886998, guid: 5b312943918528f438d10ae43b238c77,
        type: 3}
      propertyPath: m_AnchorMin.y
      value: 0.5
      objectReference: {fileID: 0}
    - target: {fileID: 3021102613596886998, guid: 5b312943918528f438d10ae43b238c77,
        type: 3}
      propertyPath: m_SizeDelta.x
      value: 200
      objectReference: {fileID: 0}
    - target: {fileID: 3021102613596886998, guid: 5b312943918528f438d10ae43b238c77,
        type: 3}
      propertyPath: m_SizeDelta.y
      value: 200
      objectReference: {fileID: 0}
    - target: {fileID: 3021102613596886998, guid: 5b312943918528f438d10ae43b238c77,
        type: 3}
      propertyPath: m_LocalPosition.x
      value: 0
      objectReference: {fileID: 0}
    - target: {fileID: 3021102613596886998, guid: 5b312943918528f438d10ae43b238c77,
        type: 3}
      propertyPath: m_LocalPosition.y
      value: 0
      objectReference: {fileID: 0}
    - target: {fileID: 3021102613596886998, guid: 5b312943918528f438d10ae43b238c77,
        type: 3}
      propertyPath: m_LocalPosition.z
      value: 0
      objectReference: {fileID: 0}
    - target: {fileID: 3021102613596886998, guid: 5b312943918528f438d10ae43b238c77,
        type: 3}
      propertyPath: m_LocalRotation.w
      value: 1
      objectReference: {fileID: 0}
    - target: {fileID: 3021102613596886998, guid: 5b312943918528f438d10ae43b238c77,
        type: 3}
      propertyPath: m_LocalRotation.x
      value: -0
      objectReference: {fileID: 0}
    - target: {fileID: 3021102613596886998, guid: 5b312943918528f438d10ae43b238c77,
        type: 3}
      propertyPath: m_LocalRotation.y
      value: -0
      objectReference: {fileID: 0}
    - target: {fileID: 3021102613596886998, guid: 5b312943918528f438d10ae43b238c77,
        type: 3}
      propertyPath: m_LocalRotation.z
      value: -0
      objectReference: {fileID: 0}
    - target: {fileID: 3021102613596886998, guid: 5b312943918528f438d10ae43b238c77,
        type: 3}
      propertyPath: m_AnchoredPosition.x
      value: 0
      objectReference: {fileID: 0}
    - target: {fileID: 3021102613596886998, guid: 5b312943918528f438d10ae43b238c77,
        type: 3}
      propertyPath: m_AnchoredPosition.y
      value: 0
      objectReference: {fileID: 0}
    - target: {fileID: 3021102613596886998, guid: 5b312943918528f438d10ae43b238c77,
        type: 3}
      propertyPath: m_LocalEulerAnglesHint.x
      value: 0
      objectReference: {fileID: 0}
    - target: {fileID: 3021102613596886998, guid: 5b312943918528f438d10ae43b238c77,
        type: 3}
      propertyPath: m_LocalEulerAnglesHint.y
      value: 0
      objectReference: {fileID: 0}
    - target: {fileID: 3021102613596886998, guid: 5b312943918528f438d10ae43b238c77,
        type: 3}
      propertyPath: m_LocalEulerAnglesHint.z
      value: 0
      objectReference: {fileID: 0}
    - target: {fileID: 4181458585325734900, guid: 5b312943918528f438d10ae43b238c77,
        type: 3}
      propertyPath: m_Name
      value: Close Button
      objectReference: {fileID: 0}
    - target: {fileID: 4181458585325734900, guid: 5b312943918528f438d10ae43b238c77,
        type: 3}
      propertyPath: m_IsActive
      value: 0
      objectReference: {fileID: 0}
    - target: {fileID: 8260014394176030580, guid: 5b312943918528f438d10ae43b238c77,
        type: 3}
      propertyPath: m_text
      value: 
      objectReference: {fileID: 0}
    - target: {fileID: 8260014394176030580, guid: 5b312943918528f438d10ae43b238c77,
        type: 3}
      propertyPath: m_fontSize
      value: 45
      objectReference: {fileID: 0}
    - target: {fileID: 8260014394176030580, guid: 5b312943918528f438d10ae43b238c77,
        type: 3}
      propertyPath: m_fontAsset
      value: 
      objectReference: {fileID: 11400000, guid: 8f586378b4e144a9851e7b34d9b748ee,
        type: 2}
    - target: {fileID: 8260014394176030580, guid: 5b312943918528f438d10ae43b238c77,
        type: 3}
      propertyPath: m_sharedMaterial
      value: 
      objectReference: {fileID: 2180264, guid: 8f586378b4e144a9851e7b34d9b748ee, type: 2}
    m_RemovedComponents:
    - {fileID: 6292042988920347146, guid: 5b312943918528f438d10ae43b238c77, type: 3}
  m_SourcePrefab: {fileID: 100100000, guid: 5b312943918528f438d10ae43b238c77, type: 3}
--- !u!224 &3671937660467103680 stripped
RectTransform:
  m_CorrespondingSourceObject: {fileID: 3021102613596886998, guid: 5b312943918528f438d10ae43b238c77,
    type: 3}
  m_PrefabInstance: {fileID: 1952392948561154070}
  m_PrefabAsset: {fileID: 0}
--- !u!1001 &7668138166414966858
PrefabInstance:
  m_ObjectHideFlags: 0
  serializedVersion: 2
  m_Modification:
    m_TransformParent: {fileID: 5808339145983034689}
    m_Modifications:
    - target: {fileID: 1176105634275518600, guid: 5b312943918528f438d10ae43b238c77,
        type: 3}
      propertyPath: m_OnClick.m_PersistentCalls.m_Calls.Array.data[0].m_Target
      value: 
      objectReference: {fileID: 0}
    - target: {fileID: 1176105634275518600, guid: 5b312943918528f438d10ae43b238c77,
        type: 3}
      propertyPath: m_OnClick.m_PersistentCalls.m_Calls.Array.data[0].m_MethodName
      value: NextQuestion
      objectReference: {fileID: 0}
    - target: {fileID: 1176105634275518600, guid: 5b312943918528f438d10ae43b238c77,
        type: 3}
      propertyPath: m_OnClick.m_PersistentCalls.m_Calls.Array.data[0].m_TargetAssemblyTypeName
      value: TestWindow, Assembly-CSharp
      objectReference: {fileID: 0}
    - target: {fileID: 1912962073937134291, guid: 5b312943918528f438d10ae43b238c77,
        type: 3}
      propertyPath: m_Type
      value: 0
      objectReference: {fileID: 0}
    - target: {fileID: 1912962073937134291, guid: 5b312943918528f438d10ae43b238c77,
        type: 3}
      propertyPath: m_Sprite
      value: 
      objectReference: {fileID: 21300000, guid: fb124185b548caf4e9e1f081a5912c29,
        type: 3}
    - target: {fileID: 3021102613596886998, guid: 5b312943918528f438d10ae43b238c77,
        type: 3}
      propertyPath: m_Pivot.x
      value: 0.5
      objectReference: {fileID: 0}
    - target: {fileID: 3021102613596886998, guid: 5b312943918528f438d10ae43b238c77,
        type: 3}
      propertyPath: m_Pivot.y
      value: 0.5
      objectReference: {fileID: 0}
    - target: {fileID: 3021102613596886998, guid: 5b312943918528f438d10ae43b238c77,
        type: 3}
      propertyPath: m_RootOrder
      value: 2
      objectReference: {fileID: 0}
    - target: {fileID: 3021102613596886998, guid: 5b312943918528f438d10ae43b238c77,
        type: 3}
      propertyPath: m_AnchorMax.x
      value: 0.5
      objectReference: {fileID: 0}
    - target: {fileID: 3021102613596886998, guid: 5b312943918528f438d10ae43b238c77,
        type: 3}
      propertyPath: m_AnchorMax.y
      value: 0.5
      objectReference: {fileID: 0}
    - target: {fileID: 3021102613596886998, guid: 5b312943918528f438d10ae43b238c77,
        type: 3}
      propertyPath: m_AnchorMin.x
      value: 0.5
      objectReference: {fileID: 0}
    - target: {fileID: 3021102613596886998, guid: 5b312943918528f438d10ae43b238c77,
        type: 3}
      propertyPath: m_AnchorMin.y
      value: 0.5
      objectReference: {fileID: 0}
    - target: {fileID: 3021102613596886998, guid: 5b312943918528f438d10ae43b238c77,
        type: 3}
      propertyPath: m_SizeDelta.x
      value: 595.176
      objectReference: {fileID: 0}
    - target: {fileID: 3021102613596886998, guid: 5b312943918528f438d10ae43b238c77,
        type: 3}
      propertyPath: m_SizeDelta.y
      value: 126.6868
      objectReference: {fileID: 0}
    - target: {fileID: 3021102613596886998, guid: 5b312943918528f438d10ae43b238c77,
        type: 3}
      propertyPath: m_LocalPosition.x
      value: 0
      objectReference: {fileID: 0}
    - target: {fileID: 3021102613596886998, guid: 5b312943918528f438d10ae43b238c77,
        type: 3}
      propertyPath: m_LocalPosition.y
      value: 0
      objectReference: {fileID: 0}
    - target: {fileID: 3021102613596886998, guid: 5b312943918528f438d10ae43b238c77,
        type: 3}
      propertyPath: m_LocalPosition.z
      value: 0
      objectReference: {fileID: 0}
    - target: {fileID: 3021102613596886998, guid: 5b312943918528f438d10ae43b238c77,
        type: 3}
      propertyPath: m_LocalRotation.w
      value: 1
      objectReference: {fileID: 0}
    - target: {fileID: 3021102613596886998, guid: 5b312943918528f438d10ae43b238c77,
        type: 3}
      propertyPath: m_LocalRotation.x
      value: -0
      objectReference: {fileID: 0}
    - target: {fileID: 3021102613596886998, guid: 5b312943918528f438d10ae43b238c77,
        type: 3}
      propertyPath: m_LocalRotation.y
      value: -0
      objectReference: {fileID: 0}
    - target: {fileID: 3021102613596886998, guid: 5b312943918528f438d10ae43b238c77,
        type: 3}
      propertyPath: m_LocalRotation.z
      value: -0
      objectReference: {fileID: 0}
    - target: {fileID: 3021102613596886998, guid: 5b312943918528f438d10ae43b238c77,
        type: 3}
      propertyPath: m_AnchoredPosition.x
      value: 0.894
      objectReference: {fileID: 0}
    - target: {fileID: 3021102613596886998, guid: 5b312943918528f438d10ae43b238c77,
        type: 3}
      propertyPath: m_AnchoredPosition.y
      value: -519.8602
      objectReference: {fileID: 0}
    - target: {fileID: 3021102613596886998, guid: 5b312943918528f438d10ae43b238c77,
        type: 3}
      propertyPath: m_LocalEulerAnglesHint.x
      value: 0
      objectReference: {fileID: 0}
    - target: {fileID: 3021102613596886998, guid: 5b312943918528f438d10ae43b238c77,
        type: 3}
      propertyPath: m_LocalEulerAnglesHint.y
      value: 0
      objectReference: {fileID: 0}
    - target: {fileID: 3021102613596886998, guid: 5b312943918528f438d10ae43b238c77,
        type: 3}
      propertyPath: m_LocalEulerAnglesHint.z
      value: 0
      objectReference: {fileID: 0}
    - target: {fileID: 4181458585325734900, guid: 5b312943918528f438d10ae43b238c77,
        type: 3}
      propertyPath: m_Name
      value: Next Button
      objectReference: {fileID: 0}
    - target: {fileID: 4181458585325734900, guid: 5b312943918528f438d10ae43b238c77,
        type: 3}
      propertyPath: m_IsActive
      value: 1
      objectReference: {fileID: 0}
    - target: {fileID: 8260014394176030580, guid: 5b312943918528f438d10ae43b238c77,
        type: 3}
      propertyPath: m_text
      value: NEXT
      objectReference: {fileID: 0}
    - target: {fileID: 8260014394176030580, guid: 5b312943918528f438d10ae43b238c77,
        type: 3}
      propertyPath: m_fontSize
      value: 50
      objectReference: {fileID: 0}
    - target: {fileID: 8260014394176030580, guid: 5b312943918528f438d10ae43b238c77,
        type: 3}
      propertyPath: m_fontAsset
      value: 
      objectReference: {fileID: 11400000, guid: 8f586378b4e144a9851e7b34d9b748ee,
        type: 2}
    - target: {fileID: 8260014394176030580, guid: 5b312943918528f438d10ae43b238c77,
        type: 3}
      propertyPath: m_sharedMaterial
      value: 
      objectReference: {fileID: 2180264, guid: 8f586378b4e144a9851e7b34d9b748ee, type: 2}
    m_RemovedComponents:
    - {fileID: 6292042988920347146, guid: 5b312943918528f438d10ae43b238c77, type: 3}
  m_SourcePrefab: {fileID: 100100000, guid: 5b312943918528f438d10ae43b238c77, type: 3}
--- !u!224 &4866051277407508380 stripped
RectTransform:
  m_CorrespondingSourceObject: {fileID: 3021102613596886998, guid: 5b312943918528f438d10ae43b238c77,
    type: 3}
  m_PrefabInstance: {fileID: 7668138166414966858}
  m_PrefabAsset: {fileID: 0}
